% Encoding: windows-1252

% My Sources

@Misc{backend:popularity,
  author = {{"Statistics and Data" Contributors}},
  title = {{Most Popular Backend Frameworks - 2012/2024}},
  year = {2024},
  howpublished = {\href{https://www.youtube.com/watch?v=RSNwYPnh0Yc}{https://www.youtube.com/watch?v=RSNwYPnh0Yc} and \href{https://statisticsanddata.org/data/most-popular-backend-frameworks-2012-2024/}{https://statisticsanddata.org/data/most-popular-backend-frameworks-2012-2024/}},
  note = {[Online; accessed 05-September-2024]}
}

@online{backend:benchmark1,
  title = {{Web Frameworks Benchmark}},
  URL = "https://web-frameworks-benchmark.netlify.app/result?asc=0&f=phoenix_bandit,phoenix_cowboy,beego,spring,express,koa,nestjs-express,nestjs-fastify,spring,laravel,symfony,django,flask,rails&metric=totalRequestsPerS&order_by=level64",
  URLDATE = "2024-09-05",
  year = {2024}
}

@online{backend:benchmark2,
  title = {{TechEmpower Web Framework Benchmarks - Round 22}},
  URL = "https://www.techempower.com/benchmarks/#hw=ph&test=fortune&section=data-r22&a=2&f=zhavon-zik073-zik0zj-zik0zj-zijunz-zik0zj-zik0zj-zik0zj-zih7un-zhxjwf-zik0zj-zik0zj-zik0zj-zik0zj-1ekf",
  URLDATE = "2024-09-05",
  year = {2023}
}

@online{backend:latency,
  author = {Cloudflare Inc.},
  title = {{Internet Quality Index}},
  URL = "https://radar.cloudflare.com/quality",
  URLDATE = "2024-09-27",
  year = {2024}
}

@Article{relatedwork:boinc1,
  author = {Anderson, David P.},
  title = {BOINC: A Platform for Volunteer Computing},
  journal = {Journal of Grid Computing},
  year = {2020},
  volume = {18},
  pages = {99--122},
  doi={https://doi.org/10.1007/s10723-019-09497-9}
}

@INPROCEEDINGS{relatedwork:boinc2,
  author={Anderson, D.P.},
  booktitle={Fifth IEEE/ACM International Workshop on Grid Computing}, 
  title={BOINC: a system for public-resource computing and storage}, 
  year={2004},
  volume={},
  number={},
  pages={4-10},
  keywords={Grid computing;Personal communication networks;Supercomputers;Middleware;Computer networks;Application software;Resource management;Internet;Open source software;Laboratories},
  doi={10.1109/GRID.2004.14}
}

@online{intro:computersAmount,
  author = {Referencerelatedwork.com},
  title = {{How Many Computers Are There in the World?}},
  URL = "https://www.reference.com/world-view/many-computers-world-e2e980daa5e128d0",
  URLDATE = "2024-10-02",
  year = "2014"
}

@INPROCEEDINGS{intro:volunteerStudy,
  author={Toth, David and Mayer, Russell and Nichols, Wendy},
  booktitle={2011 IEEE International Symposium on Parallel and Distributed Processing Workshops and Phd Forum}, 
  title={Increasing Participation in Volunteer Computing}, 
  year={2011},
  volume={},
  number={},
  pages={1878-1882},
  keywords={Educational institutions;Privacy;USA Councils;Electricity;Supercomputers;Productivity},
  doi={10.1109/IPDPS.2011.353}
}

@INPROCEEDINGS{intro:costAnalysis,
  author={Kondo, Derrick and Javadi, Bahman and Malecot, Paul and Cappello, Franck and Anderson, David P.},
  booktitle={2009 IEEE International Symposium on Parallel and Distributed Processing}, 
  title={Cost-benefit analysis of Cloud Computing versus desktop grids}, 
  year={2009},
  volume={},
  number={},
  pages={1-12},
  keywords={Cost benefit analysis;Cloud computing;Grid computing;Virtual colonoscopy;Computer applications;Storms;Java;Measurement;Internet;Distributed computing},
  doi={10.1109/IPDPS.2009.5160911}
}

@INPROCEEDINGS{intro:diverseDevices,
  author={Anderson, D.P. and Reed, K.},
  booktitle={2009 42nd Hawaii International Conference on System Sciences}, 
  title={Celebrating Diversity in Volunteer Computing}, 
  year={2009},
  volume={},
  number={},
  pages={1-8},
  keywords={Biology computing;Grid computing;Hardware;Application software;Network servers;Computer networks;Distributed computing;Computer architecture;Processor scheduling;Availability},
  doi={10.1109/HICSS.2009.105}
}

@inproceedings{relatedwork:egee,
  title={The EGEE European Grid Infrastructure Project},
  author={Gagliardi, Fabrizio},
  booktitle={High Performance Computing for Computational Science - VECPAR 2004},
  pages={194--203},
  year={2004},
  organization={Springer},
  doi = {https://doi.org/10.1007/11403937_16}
}

@INPROCEEDINGS{relatedwork:xtremweb,
  author={Fedak, G. and Germain, C. and Neri, V. and Cappello, F.},
  booktitle={Proceedings First IEEE/ACM International Symposium on Cluster Computing and the Grid}, 
  title={XtremWeb: a generic global computing system}, 
  year={2001},
  volume={},
  number={},
  pages={582-587},
  keywords={Parallel architectures;Computer architecture;Throughput;Internet;Parallel processing;Concurrent computing;Parallel programming;Computer applications;Scalability;Fault tolerance},
  doi={10.1109/CCGRID.2001.923246}
}

@article{relatedwork:seti,
  author = {Anderson, David P. and Cobb, Jeff and Korpela, Eric and Lebofsky, Matt and Werthimer, Dan},
  title = {SETI@home: an experiment in public-resource computing},
  year = {2002},
  issue_date = {November 2002},
  publisher = {Association for Computing Machinery},
  address = {New York, NY, USA},
  volume = {45},
  number = {11},
  issn = {0001-0782},
  doi = {10.1145/581571.581573},
  journal = {Commun. ACM},
  month = nov,
  pages = {56--61},
  numpages = {6}
}

@ARTICLE{relatedwork:wasmedgecomputing,
  author={Hoque, Mohammed Nurul and Harras, Khaled A.},
  journal={IEEE Communications Standards Magazine}, 
  title={WebAssembly for Edge Computing: Potential and Challenges}, 
  year={2022},
  volume={6},
  number={4},
  pages={68-73},
  keywords={Performance evaluation;Privacy;Codes;Costs;Low latency communication;Edge computing;Communication standards},
  doi={10.1109/MCOMSTD.0001.2000068}
}

@online{methodology:wasmdocu,
  author = {Mozilla Corporation},
  title = {WebAssembly},
  URL = "https://developer.mozilla.org/en-US/docs/WebAssembly",
  URLDATE = "2024-10-02",
  year = "2024"
}

@online{methodology:wasm2,
  author = {W3C Group},
  title = {WebAssembly},
  URL = "https://webassembly.org/",
  URLDATE = "2024-10-02",
  year = "2024"
}

@online{methodology:wasmW3C,
  author = {WebAssembly Working Group},
  title = {WebAssembly Core Specification},
  URL = "https://www.w3.org/TR/wasm-core-1/",
  URLDATE = "2024-11-21",
  year = "2019"
}

@inproceedings{methodology:wasm,
  title={Bringing the web up to speed with WebAssembly},
  author={Haas, Andreas and Rossberg, Andreas and Schuff, Derek L and Titzer, Ben L and Holman, Michael and Gohman, Dan and Wagner, Luke and Zakai, Alon and Bastien, JF},
  booktitle={Proceedings of the 38th ACM SIGPLAN Conference on Programming Language Design and Implementation},
  pages={185--200},
  year={2017},
  doi = {10.1145/3062341.3062363},
}

@online{methodology:emcc,
  author = {emscripten Contributors},
  title = {emscripten},
  URL = "https://emscripten.org/",
  URLDATE = "2024-10-02",
  year = {2024}
}

@online{methodology:db,
  author = {The PostgreSQL Global Development Group},
  title = {PostgreSQL},
  URL = "https://www.postgresql.org/",
  URLDATE = "2024-10-02",
  year = {2024}
}

@online{methodology:go,
  author = {GO Contributors},
  title = {Go Wiki: WebAssembly},
  URL = "https://go.dev/wiki/WebAssembly",
  URLDATE = "2024-10-02",
  year = {2024}
}

@online{methodology:pyodie,
  author = {Pyodide contributors and Mozilla},
  title = {Pyodide},
  URL = "https://pyodide.org",
  URLDATE = "2024-10-02",
  year = {2024}
}

@online{methodology:websockets1,
  author = {Mozilla Corporation},
  title = {The WebSocket API (WebSockets)},
  URL = "https://developer.mozilla.org/en-US/docs/Web/API/WebSockets_API",
  URLDATE = "2024-10-02",
  year = "2024"
}

@online{methodology:websockets2,
  author = {Socket.IO Contributors},
  title = {Socket.IO},
  URL = "https://socket.io/",
  URLDATE = "2024-10-02",
  year = "2024"
}

@ARTICLE{methodology:websockets3,
  author={Pimentel, Victoria and Nickerson, Bradford G.},
  journal={IEEE Internet Computing}, 
  title={Communicating and Displaying Real-Time Data with WebSocket}, 
  year={2012},
  volume={16},
  number={4},
  pages={45-53},
  keywords={Servers;Protocols;Real time systems;Internet;Web and internet services;Base stations;Synchronization;Wide area networks;Servers;Protocols;Real time systems;Internet;Computers;Base stations;Synchronization;latency;Web technologies;real time;communications applications;Web servers;data communications aspects;WebSocket;wide area networks},
  doi={10.1109/MIC.2012.64}
}

@online{methodology:webworkers,
  author = {Mozilla Corporation},
  title = {Web Workers API},
  URL = "https://developer.mozilla.org/en-US/docs/Web/API/Web_Workers_API",
  URLDATE = "2024-10-02",
  year = "2024"
}

@online{methodology:nestjs,
  author = {Kamil Mysliwiec},
  title = {NestJS},
  URL = "https://nestjs.com/",
  URLDATE = "2024-10-02",
  year = "2024"
}

@online{methodology:nextjs,
  author = {Vercel Inc.},
  title = {NextJS},
  URL = "https://nextjs.org/",
  URLDATE = "2024-10-02",
  year = "2024"
}

@online{frontend:popularity,
  title = {2024 Developer Survey: Web frameworks and technologies},
  author = {{Stack Overflow}},
  year = {2024},
  url = {https://survey.stackoverflow.co/2024/technology#most-popular-technologies-webframe},
  urldate = {2024-10-06}
}

@online{implementation:bootstrap,
  title = {React Bootstrap},
  author = {{React Bootstrap Contributors}},
  year = {2024},
  url = {https://react-bootstrap.netlify.app/},
  urldate = {2024-11-06}
}

@rfc{implementation:jwt,
  author = {Jones, M. and Bradley, J. and Sakimura, N.},
  title = {RFC 7519: JSON Web Token (JWT)},
  year = {2015},
  publisher = {RFC Editor},
  address = {USA},
  url = {https://dl.acm.org/doi/abs/10.17487/RFC7519}
}

@article{background:vcname,
  author = {Sarmenta, Luis F. G. and Hirano, Satoshi and Ward, Stephen A.},
  title = {Towards Bayanihan: building an extensible framework for volunteer computing using Java},
  journal = {Concurrency: Practice and Experience},
  volume = {10},
  number = {11-13},
  pages = {1015-1019},
  doi = {https://doi.org/10.1002/(SICI)1096-9128(199809/11)10:11/13<1015::AID-CPE410>3.0.CO;2-C},
  year = {1998}
}

@inproceedings {background:not-so-fast,
  author = {Abhinav Jangda and Bobby Powers and Emery D. Berger and Arjun Guha},
  title = {Not So Fast: Analyzing the Performance of {WebAssembly} vs. Native Code},
  booktitle = {2019 USENIX Annual Technical Conference (USENIX ATC 19)},
  year = {2019},
  isbn = {978-1-939133-03-8},
  address = {Renton, WA},
  pages = {107--120},
  url = {https://www.usenix.org/conference/atc19/presentation/jangda},
  publisher = {USENIX Association},
  month = jul
}

@online{background:firefox,
  title = {Firefox 132.0 - Releasenotes},
  author = {{Mozilla Corporation}},
  year = {2024},
  url = {https://www.mozilla.org/en-US/firefox/132.0/releasenotes/},
  urldate = {2024-11-19}
}

@online{background:firefox2,
  title = {Firefox 133.0 - Releasenotes},
  author = {{Mozilla Corporation}},
  year = {2024},
  url = {https://www.mozilla.org/en-US/firefox/133.0/releasenotes/},
  urldate = {2024-11-28}
}

@inproceedings{relatedwork:mobilecloud,
  author = {Habak, Karim and Zegura, Ellen W. and Ammar, Mostafa and Harras, Khaled A.},
  title = {Workload management for dynamic mobile device clusters in edge femtoclouds},
  year = {2017},
  isbn = {9781450350877},
  publisher = {Association for Computing Machinery},
  address = {New York, NY, USA},
  doi = {10.1145/3132211.3134455},
  booktitle = {Proceedings of the Second ACM/IEEE Symposium on Edge Computing},
  articleno = {6},
  numpages = {14},
  keywords = {cloud computing, computational offloading, edge computing, mobile cloud computing, mobile computing},
  location = {San Jose, California},
  series = {SEC '17}
}

@online{background:amountdeviceses,
  title = {Volume of the consumer electronics market worldwide from 2019 to 2029},
  author = {{Statista Research Department}},
  year = {2024},
  url = {https://www.statista.com/forecasts/1286681/worldwide-consumer-electronics-market-volume},
  urldate = {2024-11-20}
}

@online{appendix:smartphone,
  title = {iPhone 13 - Technical Specifications},
  author = {{Apple Inc.}},
  year = {2024},
  url = {https://support.apple.com/en-us/111872},
  urldate = {2024-12-01}
}

@online{appendix:tablet,
  title = {iPad Pro, 11-inch (3rd generation) - Technical Specifications},
  author = {{Apple Inc.}},
  year = {2024},
  url = {https://support.apple.com/en-us/111897},
  urldate = {2024-12-01}
}

@online{evaluation:safari,
  title = {Safari 18.1 Release Notes},
  author = {{Apple Inc.}},
  year = {2024},
  url = {https://developer.apple.com/documentation/safari-release-notes/safari-18_1-release-notes},
  urldate = {2024-12-01}
}

@online{evaluation:edge,
  title = {Release notes for Microsoft Edge Stable Channel},
  author = {{Microsoft Corporation}},
  year = {2024},
  url = {https://learn.microsoft.com/en-us/deployedge/microsoft-edge-relnote-stable-channel#version-1310290351-november-15-2024},
  urldate = {2024-12-01}
}

@online{conclusion:docker,
  title = {Docker Compose},
  author = {{Docker Inc.}},
  year = {2024},
  url = {https://docs.docker.com/compose/},
  urldate = {2024-12-03}
}

@article{conclusion:map-reduce,
  title={MapReduce: simplified data processing on large clusters},
  author={Dean, Jeffrey and Ghemawat, Sanjay},
  journal={Communications of the ACM},
  volume={51},
  number={1},
  pages={107--113},
  year={2008},
  publisher={ACM New York, NY, USA},
  doi = {10.1145/1327452.1327492}
}

@online{background:geant,
  title = {GÉANT},
  author = {{GÉANT Contributors}},
  url = {https://geant.org/},
  urldate = {2024-12-03},
  year = {2024}
}